%! Author = zhangli
%! Date = 2021/5/9

@article{Enriching2009,
    title={Enriching PubMed related article search with sentence level co-citations.},
    author={ Tran, N.  and  Alves, P.  and  Ma, S.  and  Krauthammer, M. },
    journal={Amia Annu Symp Proc},
    volume={2009},
    pages={650-654},
    year={2009},
}